<?xml version="1.0" encoding="UTF-8"?><collection xmlns="http://www.loc.gov/MARC21/slim"><record><leader>00498nam--2200193-u-4500</leader><controlfield tag="001">000050392</controlfield><controlfield tag="002">20161230</controlfield><controlfield tag="003">81803</controlfield><controlfield tag="005">20161230201048</controlfield><controlfield tag="008">070223s1000------------r-----000-0-rus-d</controlfield><datafield ind1=" " ind2=" " tag="040"><subfield code="a">IFIN-HH</subfield></datafield><datafield ind1=" " ind2=" " tag="041"><subfield code="a">rus</subfield></datafield><datafield ind1=" " ind2=" " tag="080"><subfield code="a">539.1.08</subfield></datafield><datafield ind1="1" ind2=" " tag="110"><subfield code="a">Akademia Nauk SSSR</subfield></datafield><datafield ind1="1" ind2="0" tag="245"><subfield code="a">Fotograficeslaia registratia ioniziruyusih izlucenii</subfield></datafield><datafield ind1=" " ind2=" " tag="260"><subfield code="a">Moskva</subfield><subfield code="b">Izdatelstvo Inostrannoi Literaturi</subfield><subfield code="c">1953</subfield></datafield><datafield ind1=" " ind2=" " tag="300"><subfield code="a">399P</subfield></datafield><datafield ind1=" " ind2=" " tag="852"><subfield code="a">1514</subfield><subfield code="c">539.1.073.7</subfield></datafield><datafield ind1=" " ind2=" " tag="CAT"><subfield code="a">Sys</subfield><subfield code="c">20111101</subfield><subfield code="h">144226</subfield></datafield></record></collection>